<?xml version="1.0" encoding="UTF-8"?><collection xmlns="http://www.loc.gov/MARC21/slim"><record><leader>00493nam--2200169-i-4500</leader><controlfield tag="001">000043022</controlfield><controlfield tag="002">20161230</controlfield><controlfield tag="005">20161230201043</controlfield><controlfield tag="008">060222s1000------------r-----000-0-eng-d</controlfield><datafield ind1=" " ind2=" " tag="040"><subfield code="a">IFIN-HH</subfield></datafield><datafield ind1=" " ind2=" " tag="080"><subfield code="a">535.34</subfield></datafield><datafield ind1="1" ind2=" " tag="100"><subfield code="a">Stokes,A.R</subfield></datafield><datafield ind1="1" ind2="0" tag="245"><subfield code="a">The theory of the optical propertiesof inhomogeneous materials</subfield><subfield code="b">With a foreword by john randall</subfield><subfield code="c">A.r. strokes</subfield></datafield><datafield ind1=" " ind2=" " tag="260"><subfield code="a">London</subfield><subfield code="b">E.&amp; F.N.Spon Limited</subfield><subfield code="c">1963</subfield></datafield><datafield ind1=" " ind2=" " tag="300"><subfield code="a">VIII + 95 P</subfield></datafield><datafield ind1=" " ind2=" " tag="852"><subfield code="a">77272</subfield><subfield code="c">535</subfield></datafield><datafield ind1=" " ind2=" " tag="CAT"><subfield code="a">Sys</subfield><subfield code="c">20101129</subfield><subfield code="h">100113</subfield></datafield></record></collection>